
@Book{AdaEss2017,
  author = 	 {R. A. Adams and C. Essex},
  title = 	 {Calculus. A complete course},
  publisher = 	 {Pearson},
  year = 	 {2017},
  edition = 	 {9},
}


@TechReport{Dre2019,
  author = 	 {T. Drengstig},
  title = 	 {Lego Mindstorms og MATLAB; anvendt matematikk og fysikk i skj√∏nn forening},
  institution =  {Universitet i Stavanger},
  year = 	 {2019},
  note = 	 {Utdelt materiale},
}


@Misc{web_BibTex,
  title = 	 {How can {I} use Bibtex to cite a web page?},
  howpublished = {https://tex.stackexchange.com/questions/3587/how-can-i-use-bibtex-to-cite-a-web-page},
}

